% This file was created with JabRef 2.10.
% Encoding: Utf8


@Article{Argyriou2007,
  Title                    = {Multi-Task Feature Learning},
  Author                   = {Andreas Argyriou and Theodoros Evgeniou and Pontil, Massimiliano},
  Year                     = {2007},
  Pages                    = {41--48},

  Booktitle                = {Advances in Neural Information Processing Systems 19},
  Editor                   = {B. Scholkopf and J. C. Platt and T. Hoffman},
  Owner                    = {etoestja},
  Publisher                = {MIT Press},
  Timestamp                = {2016.02.20},
  Url                      = {http://papers.nips.cc/paper/3143-multi-task-feature-learning.pdf}
}

@Article{elena,
  Title                    = {Dependent binary relevance models for multi-label classification},
  Author                   = {Elena Montañesa, Robin Sengeb, Jose Barranqueroa, José Ramón Quevedoa, Juan José del Coza, Eyke Hüllermeierb},
  Journal                  = {Pattern Recognition},
  Year                     = {2013},

  Owner                    = {etoestja},
  Timestamp                = {2016.02.23}
}

@Article{laurent2008,
  Title                    = {Protein–ligand interaction prediction: an improved chemogenomics approach},
  Author                   = {Laurent Jacob and Jean-Philippe Vert},
  Journal                  = {BIOINFORMATICS},
  Year                     = {2008},

  Owner                    = {etoestja},
  Timestamp                = {2016.02.21}
}

@Article{jesse,
  Title                    = {Classifier Chains for Multi-label Classification},
  Author                   = {Jesse Read, Bernhard Pfahringer, Geoff Holmes, Eibe Frank},

  Owner                    = {etoestja},
  Timestamp                = {2016.02.23}
}

@Article{weiwei2010,
  Title                    = {Bayes Optimal Multilabel Classification via Probabilistic Classifier Chains},
  Author                   = {Krzysztof Dembczynski, Weiwei Cheng, Eyke H.0},
  Year                     = {2010},

  Owner                    = {etoestja},
  Timestamp                = {2016.02.22}
}

@Article{enrique,
  Title                    = {Multi-label classification with Bayesian network-based chain classifiers},
  Author                   = {L. Enrique Sucar, Concha Bielza, Eduardo F. Morales, Pablo Hernandez-Leal, Julio H. Zaragoza, Pedro Larrañaga},

  Owner                    = {etoestja},
  Timestamp                = {2016.02.23}
}

@Article{svm,
  Title                    = {Tyrosine Kinase Ligand-Receptor Pair Prediction by Using Support Vector Machine},
  Author                   = {Masayuki Yarimizu, Cao Wei, Yusuke Komiyama, et al.},
  Journal                  = {Advances in Bioinformatics},
  Year                     = {2015},

  Owner                    = {etoestja},
  Timestamp                = {2016.02.20}
}

@Article{maxime2015,
  Title                    = {On the Optimality of Multi-Label Classification under Subset Zero-One Loss for Distributions Satisfying the Composition Property},
  Author                   = {Maxime Gasse, Alex Aussem, Haytham Elghazel},
  Year                     = {2015},

  Owner                    = {etoestja},
  Timestamp                = {2016.02.23}
}

@Article{Myint2012,
  Title                    = {Molecular fingerprint-based artificial neural networks QSAR for ligand biological activity predictions},
  Author                   = {Myint KZ, Wang L, Tong Q, Xie XQ},
  Journal                  = {Molecular Pharmaceutics},
  Year                     = {2012},

  Owner                    = {etoestja},
  Timestamp                = {2016.02.21}
}

@Article{Myint2015,
  Title                    = {Ligand biological activity predictions using fingerprint-based artificial neural networks (FANN-QSAR)},
  Author                   = {Myint KZ, Xie XQ},
  Journal                  = {Methods Mol. Biol.},
  Year                     = {2015},

  Owner                    = {etoestja},
  Timestamp                = {2016.02.21}
}

@Article{popova1,
  Title                    = {FEATURE SELECTION AND MULTI-TASK PREDICTION OF
BIOLOGICAL ACTIVITY FOR NUCLEAR RECEPTORS},
  Author                   = {M. Popova},
  Year                     = {2015},
  Number                   = {1},
  Pages                    = {111-112},
  Volume                   = {11},

  Owner                    = {Anastasia},
  Timestamp                = {2014.02.27}
}

@Article{scott2006,
  Title                    = {CHEMOMETRIC ANALYSIS OF LIGAND RECEPTOR COMPLEMENTARITY: IDENTIFYING COMPLEMENTARY LIGANDS BASED ON RECEPTOR INFORMATION (CoLiBRI)},
  Author                   = {Scott Oloff†, Shuxing Zhang, Nagamani Sukumar, Curt Breneman, and Alexander Tropsha},
  Journal                  = {J. Chem. Inf. Model.},
  Year                     = {2006},

  Owner                    = {etoestja},
  Timestamp                = {2016.02.23}
}

@Article{qsar,
  Title                    = {QSAR Modeling of Tox21 Challenge Stress Response and Nuclear Receptor Signaling Toxicity Assays},
  Author                   = {Stephen J. Capuzzi, Regina Politi, Olexandr Isayev, Sherif Farag and Alexander Tropsha},

  Owner                    = {etoestja},
  Timestamp                = {2016.03.06}
}

@Article{hornak,
  Title                    = {Receptor-Ligand Interaction and Molecular Modelling},
  Author                   = {V HORŇÁK, R. DVORSKÝ AND E. ŠTURDÍK},

  Owner                    = {etoestja},
  Timestamp                = {2016.02.23}
}

@Article{vinay2008,
  Title                    = {LTHREADER: Prediction of extracellular ligand–receptor interactions in cytokines using localized threading},
  Author                   = {Vinay Pulim, Jadwiga Bienkowska, Bonnie Berger},
  Journal                  = {Protein Science},
  Year                     = {2008},

  Owner                    = {etoestja},
  Timestamp                = {2016.02.21}
}

@Article{weiweicc,
  Title                    = {On the Optimality of Classifier Chain for Multi-label Classification},
  Author                   = {Weiwei Liu, Ivor W. Tsang},

  Owner                    = {etoestja},
  Timestamp                = {2016.02.23}
}

@Article{peter1998,
  Title                    = {Chemical Similarity Searching},
  Author                   = {Peter Willett},
  Journal                  = {Journal of Chemical Information and Computer Sciences},
  Year                     = {1998},

  Owner                    = {etoestja},
  Timestamp                = {2016.02.23}
}

@Article{Zhengjun5ht1a,
  Title                    = {Classification of 5-HT1A Receptor Ligands on the Basis of Their Binding Affinities by Using PSO-Adaboost-SVM},
  Author                   = {Zhengjun Cheng, Yuntao Zhang, Changhong Zhou, Wenjun Zhang, and Shibo Gao},

  Owner                    = {etoestja},
  Timestamp                = {2016.02.23}
}

