% This file was created with JabRef 2.10.
% Encoding: Utf8


@Booklet{Kr_presentation,
  Title                    = {Multi-Label Classification: Label Dependence, Loss Minimization, and Reduction Algorithms},
  Author                   = {Krzysztof Dembczynski},
  Year                     = {2013},

  Owner                    = {etoestja},
  Timestamp                = {2016.06.13}
}

@Article{jesse,
  Title                    = {Classifier Chains for Multi-label Classification},
  Author                   = {Jesse Read, Bernhard Pfahringer, Geoff Holmes, Eibe Frank},

  Owner                    = {etoestja},
  Timestamp                = {2016.02.23}
}

@Article{weiwei2010,
  Title                    = {Bayes Optimal Multilabel Classification via Probabilistic Classifier Chains},
  Author                   = {Krzysztof Dembczynski, Weiwei Cheng, Eyke H.0},
  Year                     = {2010},

  Owner                    = {etoestja},
  Timestamp                = {2016.02.22}
}

@Article{Myint2012,
  Title                    = {Molecular fingerprint-based artificial neural networks QSAR for ligand biological activity predictions},
  Author                   = {Myint KZ, Wang L, Tong Q, Xie XQ},
  Journal                  = {Molecular Pharmaceutics},
  Year                     = {2012},

  Owner                    = {etoestja},
  Timestamp                = {2016.02.21}
}

@Article{popova1,
  Title                    = {FEATURE SELECTION AND MULTI-TASK PREDICTION OF
BIOLOGICAL ACTIVITY FOR NUCLEAR RECEPTORS},
  Author                   = {M. Popova},
  Year                     = {2015},
  Number                   = {1},
  Pages                    = {111-112},
  Volume                   = {11},

  Owner                    = {Anastasia},
  Timestamp                = {2014.02.27}
}

@Article{qsar,
  Title                    = {QSAR Modeling of Tox21 Challenge Stress Response and Nuclear Receptor Signaling Toxicity Assays},
  Author                   = {Stephen J. Capuzzi, Regina Politi, Olexandr Isayev, Sherif Farag and Alexander Tropsha},

  Owner                    = {etoestja},
  Timestamp                = {2016.03.06}
}

